@book{司守奎2011数学建模算法与应用,
  author={司守奎 and 孙玺菁},
  title={数学建模算法与应用},
  address={北京},
  publisher={国防工业出版社},
  year={2011},
}
@book{卓金武2011MATLAB,
  author={卓金武},
  title={MATLAB在数学建模中的应用},
  address={北京},
  publisher={北京航空航天大学出版社},
  year={2011},
}
@article{Wang2022,
  author    = {Wang, L. and others},
  title     = {Robust Intraclass Correlation Coefficients for Assessing Rater Reliability with Non-Normal and Heterogeneous Data},
  journal   = {Journal of Educational and Behavioral Statistics},
  year      = {2022}
}

@article{Zhang2021,
  author    = {Zhang, H. and others},
  title     = {Bayesian Hierarchical Modeling for Rater Bias Detection and Consistency Evaluation in Educational Assessment},
  journal   = {Applied Psychological Measurement},
  year      = {2021}
}

@article{Li2023,
  author    = {Li, M. and others},
  title     = {Multi-Dimensional Consistency Index: A Novel Metric for Evaluating Rater Agreement in Multi-Criteria Assessment},
  journal   = {IEEE Transactions on Knowledge and Data Engineering},
  year      = {2023}
}

@article{Chen2020,
  author    = {Chen, J. and others},
  title     = {Missing Data Imputation for Rater Assessment: A Graph Neural Network Approach},
  journal   = {Neurocomputing},
  year      = {2020}
}

@article{Brown2024,
  author    = {Brown, S. and others},
  title     = {Empirical Validation of Rater Reliability: Linking Statistical Consistency to Real-World Outcomes},
  journal   = {Educational Evaluation and Policy Analysis},
  year      = {2024}
}