@article{einstein1935,
  author = {Einstein, A. and Podolsky, B. and Rosen, N.},
  title = {Can quantum-mechanical description of physical reality be considered complete?},
  journal = {Physical Review},
  volume = {47},
  number = {10},
  pages = {777--780},
  year = {1935}
}

@misc{easymcm,
  title = {A simple, easy \LaTeX\ template for MCM/ICM: EasyMCM},
  year = {2018},
  note = {Retrieved December 1, 2019, from \url{https://www.cnblogs.com/xjtu-blacksmith/p/easymcm.html}}
}